<?xml version="1.0" encoding="UTF-8"?><record xmlns="http://www.loc.gov/MARC21/slim" xmlns:cinclude="http://apache.org/cocoon/include/1.0" xmlns:zs="http://www.loc.gov/zing/srw/">
  <leader>00593cz  a2200157n  4500</leader>
  <controlfield tag="001">n  86862203 </controlfield>
  <controlfield tag="003">DLC</controlfield>
  <controlfield tag="005">20000610064403.0</controlfield>
  <controlfield tag="008">861031n| acannaabn          |a aaa      </controlfield>
  <datafield tag="010" ind1=" " ind2=" ">
    <subfield code="a">n  86862203 </subfield>
  </datafield>
  <datafield tag="035" ind1=" " ind2=" ">
    <subfield code="a">(OCoLC)oca01702321</subfield>
  </datafield>
  <datafield tag="040" ind1=" " ind2=" ">
    <subfield code="a">DLC</subfield>
    <subfield code="b">eng</subfield>
    <subfield code="c">DLC</subfield>
    <subfield code="d">DLC</subfield>
    <subfield code="d">OCoLC</subfield>
  </datafield>
  <datafield tag="100" ind1="1" ind2=" ">
    <subfield code="a">Ruiz Morcuende, Federico,</subfield>
    <subfield code="d">1890-</subfield>
  </datafield>
  <datafield tag="400" ind1="1" ind2=" ">
    <subfield code="a">Morcuende, Federico Ruiz,</subfield>
    <subfield code="d">1890-</subfield>
  </datafield>
  <datafield tag="670" ind1=" " ind2=" ">
    <subfield code="a">nuc86-33978: Timoneda, J. de. El patranĚuelo [MI] 1930</subfield>
    <subfield code="b">(hdg. on GmC rept.: Ruiz Morcuende, Federico, 1890- ; usage: Federico Ruiz Morcuende)</subfield>
  </datafield>
  <datafield tag="670" ind1=" " ind2=" ">
    <subfield code="a">LC data base, 10/31/86</subfield>
    <subfield code="b">(hdg.: Ruiz Morcuende, Federico, 1890- )</subfield>
  </datafield>
</record>